% This file was created with JabRef 2.9b2.
% Encoding: ISO8859_1





@mastersthesis{Dankers,
    author    = {Dankers, P.J.T.},
    type      = {Master thesis},
    title     = {The behaviour of fines released due to dredging: A literature review},
    school    = {Delft University of Technology, the Netherlands},
    year      = {2002},
}

@mastersthesis{Baird,
    author    = {Baird, W.F. },
    type      = {Master thesis},
    title     = {Development of the MMS Dredge Plume Model},
    school    = {Baird & Associated LTD, Madison, Wisconsin},
    year      = {2004},
}

@phdthesis{Dewit,
	author		= {de Wit, L.},
	title		= {3D CFD modelling of overflow dredging plumes},
	school		= {Delft University of Technology, the Netherlands},
	year		= "2015",
}

@techreport{Lecture,
    author    = {van Rhee, C.},
    title     = {Lecture notes dredging processes 2 (OE4727)},
    institution = {Delft University of Technology, the Netherlands},
    year      = {2017},
}

@article{Winterwerp,
    author    = {Winterwerp, J.C. },
    title     = {Near-field behaviour of dredging spill in shallow water},
    journal   = {Journal of Waterway, Port, Coastal and Ocean Engineering},
    year      = "2002",
}


@phdthesis{Rhee,
	author		= {van Rhee, C.},
	title		= {On the sedimentation process in a trailing suction hopper dredger},
	school		= {Delft University of Technology, the Netherlands},
	year		= "2002",
}

@article{Miedema_Vlasblom,
    author    = {Miedema, S.A. and Vlasblom, W.J.},
    title     = {Theory for hopper sedimentation},
    journal   = {29th annual Texas AM dredging seminar},
    year      = "1996",
}

@article{Camp,
    author  = {Camp, T.R.},
    title   = {Sedimentation and the design of settling tanks},
    year    = {1946},
    journal = {Trans. ASCE},
    pages   = {895-936}
}

@article{Ooijens,
    author  = {Ooijens, S.C.},
    title   = {Adding dynamics to the Camp model for the calculation of overflow losses},
    year    = {1999},
    journal = {Terra et Aqua},
    pages   = {12-21}
}

@inbook{Jirka,
	author	= {Jirka, G.H.},
	title	= {Environmental Fluid Mechanics},
	chapter	= {Integral Model for Turbulent Buoyant Jets in Unbounded Stratified Flows. Part I: Single Round Jet},
	publisher= {Kluwer Academic Publisher},
	volume	= {4},
	year	= "2004",
}

@article{Wright,
    author  = {Wright, S.J.},
    title   = {Buoyant jets in density-stratified cross flow},
    year    = {1984},
    journal = {Journal of Hydraulic Engineering},
}

@book{Fischer+,
    author    = {Fischer, H. and List, E. and Koh, R. and Imberger, J. and Brooks, N.},
    title     = {Mixing in Inland and Coastal Waters},
    publisher = {Academic Press},
    year      = "1979",
}

@phdthesis{Decrop,
	author		= {Decrop, B.},
	title		= {Numerical and Experimental Modelling of Near-Field Overflow Dredging Plumes},
	school		= {Universiteit Gent and Katholieke Universiteit Leuven, Belgium},
	year		= "2016",
}

@article{Newell+,
    author  = {Newell, R. and Hitchcock, D. and Seiderer, L.},
    title   = {Organic Enrichment Associated with Outwash from Marine Aggregates Dredging: A Probable Explanation for Surface Sheens and Enhanced Benthic Production in the Vicinity of Dredging Operations},
    year    = {1999},
    journal = {Marine Pollution Bulletin},
}

@article{Smith+,
    author  = {Smith, S.J. and Friedrichs, C.T.},
    title   = {Size and settling velocities of cohesive flocs and suspended sediment aggregates in a trailing suction hopper dredge plume},
    year    = {2011},
    journal = {Continential Shelf Research 31 (S50 - S63)},
}

@techreport{Pianc,
    author    = {Pianc},
    title     = {Harbour approach channels-design guidelines},
    institution = {Maritime Navigation Commision},
    number   = {121},
    year      = {2014},
}

@article{Zhang+,
    author  = {Zhang, W. and Zhu, D.Z.},
    title   = {Bubble characteristics of air-water bubbly jets in crossflow},
    year    = {2013},
    journal = {International Journal of Multiphase Flow},
    volume   = {55(0)},
    pages    = {156-171},
}

@techreport{Chanson+,
    author    = {Chanson, H. and Aoki, S. and Hoque, A.},
    title     = {Similitude of air bubble entrainment and dispersion in vertical circular plunging jet flows. An experimental study with freshwater, salty freshwater and seawater},
    institution = {Toyohashi University of Technology, Japan},
    year      = {2002},
}

@book{Clift+,
    author    = {Clift, R. and Grace, J. and Weber, M.},
    title     = {Bubbles, drops, and particles},
    publisher = {Academic Press},
    year      = "1978",
}

@article{Chanson2006+,
    author  = {Chanson, H. and Aoki, S. and Hoque, A.},
    title   = {Bubble entrainment and dispersion in plunging jet flows: freshwater vs. seawater},
    year    = {2006},
    journal = {Journal of coastal research},
    pages   = {664-677}
}

@article{Chanson,
    author  = {Chanson, H.},
    title   = {Air entrainment processes in a full-scale rectangular dropshaft at large flows},
    year    = {2007},
    journal = {Journal of Hydraulic Research},
    volume   = {45(1)},
    pages    = {43-53},
}

@article{Saremi+,
    author  = {Saremi, S. and Jensen, J.H.},
    title   = {Numerical modelling of the effect of the green valve on air entrainment at hopper overflow},
    year    = {2014b},
    journal = {Coastal Engineering Proceedings, 1(34)},
}

@mastersthesis{Boot,
    author    = {Boot, M.},
    type      = {Master thesis},
    title     = {Near-field verspreiding van het overvloeiverlies van een sleephopperzuiger},
    school    = {Delft University of Technology, the Netherlands},
    year      = {2000},
}

@article{Salewski+,
    author  = {Salewski, M. and Stankovic, D. and Fuchs, L.},
    title   = {Mixing in circular and non-circular jets in cross flow},
    year    = {2008},
    journal = {Flow, Turbulence and Combustion},
    volume   = {80(2)},
    pages    = {255-283},
}

@article{Haven+,
    author  = {Haven, B. and Kurosaka, M.},
    title   = {Kidney and anti-kidney vortices in cross flow jets},
    year    = {1997},
    journal = {Journal of Fluid Mechanics},
    volume   = {352},
    pages    = {27-64},
}

@article{Hirt+,
    author  = {Hirt, C. and Nichols, B.},
    title   = {Volume of fluid (VOF) method for the dynamics of free boundaries},
    year    = {1981},
    journal = {Journal of Computational Physics},
    volume   = {39(1)},
    pages    = {201–225},
}

@misc{IHC,
    author    = {{Royal IHC}},
    title     = {Overflow systems - maximizing the retention of solids},
    year      = {2017},
    note      = {Leaflet},
}

@article{Ervine,
    author  = {Ervine, D.},
    title   = {Air entrainment in hydraulic structures: A review},
    year    = {1998},
    journal = {Proceedings of The Institution of Civil Engineers Water Maritime and Energy},
    volume   = {130(3)},
    pages    = {142-153},
}

@mastersthesis{Liu,
    author    = {Liu, K.},
    type      = {Master thesis},
    title     = {Near field buoyant jet analysis - a study of buoyant jet behaviour at dredging operations},
    school    = {Delft University of Technology, the Netherlands},
    year      = {2013},
}

@article{Talaia,
    author  = {Talaia, M.A.},
    title   = {Terminal velocity of a bubble rise in a liquid column},
    year    = {2007},
    journal = {World Academy of Science, Engineering and Technology},
    volume   = {28},
    pages    = {264-268},
}

@article{Wang,
    author  = {Wang, C.W.},
    title   = {Heat transfer and flow through a super-elliptic duct – Effect of corner rounding},
    year    = {2009},
    journal = {Mechanics Research Communications},
    volume   = {36},
    pages    = {509–514},
}

@mastersthesis{Byishimo,
    author    = {Byishimo, P. },
    type      = {Master thesis},
    title     = {Experiments and 3D CFD simulations of deep-sea mining plume dispersion and seabed interactions},
    school    = {Delft University of Technology, the Netherlands},
    year      = {2018},
}

@misc{Warringa,
    author    = {Warringa, S.},
    title     = {Plume impact on deep sea floor},
    year      = {2017},
    note      = {Research Assignment, Delft University of Technology, the Netherlands},
}

@misc{website:Turbidity,
      author = "Aqualytic",
      title = "Working principle / Manual",
      year = "2018",
      note = "www.aqualytic.com"
}

@article{Bradbury,
    author  = {Bradbury, L.J.S.},
    title   = {The structure of a self-preserving turbulent plane jet},
    year    = {1957},
    volume   = {23},
    pages    = {31-64},
    journal = {Journal of Fluid Mechanics}
}

@article{Albertson,
    author  = {Albertson, M.L. and Dai, Y.B. and Jensen, R.A. and Rouse, H.},
    title   = {Diffusion of submerged jets},
    year    = {1950},
    volume   = {115},
    pages    = {639-644},
    journal = {Trans. ASCE}
}

@article{Miller,
    author  = {Miller, D. and Comings, E.},
    title   = {Static pressure distribution in the free turbulent jet},
    year    = {1957},
    volume   = {3},
    pages    = {1-16},
    journal = {Journal of Fluid Mechanics}
}

@article{Kotsovinos,
    author  = {Kotsovinos, N.E. and List, E.J.},
    title   = {Plane turbulent buoyant jet Part I: Integral properties},
    year    = {1977},
    volume   = {81},
    pages    = {25-44},
    journal = {Journal of Fluid Mechanics}
}

@article{Morton,
    author  = {Morton, B.R. and Turner, J.S.},
    title   = {Turbulent gravitational convection from maintained and instantaneous sources},
    year    = {1956},
    volume   = {A234},
    pages    = {1-23},
    journal = {Proceedings of the Royal Society of London}
}

@book{Lee+,
    author    = {Lee, J.H.W. and Chu, V.H.},
    title     = {Turbulent jets and plumes, a Langrangian Approach},
    publisher = {Kluwer Academic Publishers},
    year      = "2003",
}


@article{Papanicolaou+,
    author  = {Papanicolaou, P. and List, E.J.},
    title   = {Investigations of round vertical turbulent buoyant jets},
    year    = {1988},
    volume   = {195},
    pages    = {341-391},
    journal = {Journal of Fluid Mechanics}
}



